@book{Tanenbaum_Bos_2023,
  title     = {Modern Operating Systems},
  publisher = {Pearson},
  author    = {Tanenbaum, Andrew S. and Bos, Herbert},
  year      = {2023},
  edition   = {Fifth},
  place     = {Hoboken, NJ}
}

@book{Silberschatz_Galvin_Gagne_2018,
  title     = {Operating system concepts},
  publisher = {Wiley},
  author    = {Silberschatz, Abraham and Galvin, Peter B. and Gagne, Greg},
  year      = {2018},
  edition   = {Tenth},
  place     = {Hoboken, NJ}
}

@book{Corbet_Kroah-Hartman_Rubini_2005,
  title     = {Linux device drivers},
  publisher = {O’Reilly},
  author    = {Corbet, Jonathan and Kroah-Hartman, Greg and Rubini, Alessandro},
  year      = {2005},
  edition   = {Third}
}

@book{Yosifovich_Russinovich_Solomon_Ionescu_2017,
  title     = {Windows internals. part 1, system architecture, processes, threads, memory management, and more},
  publisher = {Microsoft Press},
  author    = {Yosifovich, P. and Russinovich, M. E. and Solomon, D. A. and Ionescu, A},
  year      = {2017},
  edition   = {Seventh}
}

@book{Bovet_Cesati_2005,
  title     = {Understanding the Linux Kernel},
  publisher = {O'Reilly},
  author    = {Bovet, Daniel P. and Cesati, Marco},
  year      = {2005},
  edition   = {Third}
}

@book{Garrels_2008,
  title  = {Introduction to Linux - A Hands on Guide},
  authro = {Garrels, Machtelt},
  url    = {https://tldp.org/LDP/intro-linux/html/index.html},
  year   = {2008},
  month  = {Jun}
} 

@misc{Intel_2024,
  title     = {Intel\textsuperscript{\textregistered} 64 and IA-32 architectures software developer manuals: Volume 3},
  publisher = {Intel},
  url       = {https://www.intel.com/content/www/us/en/developer/articles/technical/intel-sdm.html},
  year      = {2024},
  month     = {Jun}
}

@misc{Linux_kernel_docs_LVFS,
  title     = {Overview of the Linux Virtual File System - The Linux Kernel documentation},
  author    = {Gooch, Richard and Enberg, Pekka},
  publisher = {Linux kernel development community},
  url       = {https://docs.kernel.org/filesystems/vfs.html},
  year      = {2024}
}

@misc{MS_Learn_driver_model_2023,
  title     = {Choosing a driver model - Windows Drivers},
  author    = {Viviano, Amy and Hopkins, Mark and Graff, Eliot and Qurcaivel},
  publisher = {Microsoft Learn},
  url       = {https://learn.microsoft.com/en-us/windows-hardware/drivers/gettingstarted/choosing-a-driver-model},
  year      = {2023},
  month     = {Feb}
}

@misc{POSIX.1_2024,
  title     = {IEEE Standard for Information Technology—Portable Operating System Interface (POSIX™)},
  note      = {IEEE 1003.1-2024},
  author    = {IEEE and The Open Group},
  publisher = {IEEE},
  url       = {https://standards.ieee.org/ieee/1003.1/7700/},
  year      = {2024},
  month     = {June}
}

@misc{SUS_2020,
  title     = {The Single UNIX Specification},
  author    = {The Open Group},
  publisher = {The Open Group},
  url       = {https://unix.org/what_is_unix/single_unix_specification.html},
  year      = {2020}
}

@misc{GNU_Manual,
  title     = {The GNU C Library (glibc) manual},
  note      = {v2.39},
  publisher = {Free Software Foundation},
  url       = {https://sourceware.org/glibc/manual/},
  year      = {2024},
  month     = {February}
}

@misc{LWN_Brown_2010,
  title     = {Ghosts of Unix Past: a historical search for design patterns},
  author    = {Brown, Neil},
  publisher = {Linux Weekly News},
  url       = {https://lwn.net/Articles/411845/},
  year      = {2010},
  month     = {Oct}
}

@misc{Statcounter_OS_2024,
  title     = {Desktop Operating System Market Share Worldwide},
  publisher = {Statcounter},
  url       = {https://gs.statcounter.com/os-market-share/desktop/worldwide},
  year      = {2024},
  month     = {Aug}
}
